@Book{design_patterns,
  key =          {GoF},
  author = 	 	 {E. Gamma and R. Helm and R. Johnson and J. Vlissides},
  title = 	 	 {Dessign Patterns},
  publisher = 	 {Addison-Wesley},
  year = 	 	 {1996},
}

@Book{puder05:_distr_system_archit,
  author =		{A. Puder and K. Römer and F. Pilhofer},
  title = 	 	{Distributed Systems Architecture: A Middleware Approach},
  publisher = 	{Morgan Kaufman},
  year = 	 	{2005}
}

@misc{sousa,
  title        = {CiteDrive lleva la gestión de referencias a Overleaf},
  author       = {CiteDrive, Inc},
  year         = 2022,
  note         = {Accedido: (Usa la fecha de acceso)},
  howpublished = {\url{https://www.citedrive.com/overleaf}}
}
